
% zdroj na webe
@nickstatt{theverge,
	author = "NICK STATT",
	title = "How artificial intelligence will revolutionize the way video games are developed and played",
	howpublished = "\url{https://www.theverge.com/2019/3/6/18222203/video-game-ai-future-procedural-generation-deep-learning}",
}

% kniha
@inproceedings{inproceedings,
author = {Xia, Boming and Ye, Xiaozhen and Abuassba, Adnan},
year = {2020},
month = {06},
pages = {505-510},
title = {Recent Research on AI in Games},
doi = {10.1109/IWCMC48107.2020.9148327}
}

%diplomová práca
@phdthesis{phdthesis,
author = {Warpefelt, Henrik},
year = {2016},
month = {05},
pages = {},
title = {The Non-Player Character: Exploring the believability of NPC presentation and behavior}
}